<record><leader>00000cas a22000007a 4500</leader><controlfield tag="001">8784337</controlfield><controlfield tag="008">820917d18571861iauwr ne      0    0eng  </controlfield><controlfield tag="009">466</controlfield><datafield ind1=" " ind2=" " tag="010"><subfield code="a">sn 82014141 </subfield></datafield><datafield ind1=" " ind2=" " tag="040"><subfield code="a">DLC</subfield><subfield code="b">eng</subfield><subfield code="c">DLC</subfield><subfield code="d">INP</subfield><subfield code="d">DLC</subfield></datafield><datafield ind1="1" ind2=" " tag="029"><subfield code="a">AU@</subfield><subfield code="b">000025813472</subfield></datafield><datafield ind1=" " ind2=" " tag="042"><subfield code="a">msc</subfield></datafield><datafield ind1="0" ind2="0" tag="050"><subfield code="a">Newspaper 7775</subfield></datafield><datafield ind1="0" ind2="0" tag="245"><subfield code="a">St. Charles City Republican intelligencer.</subfield></datafield><datafield ind1="0" ind2="0" tag="246"><subfield code="a">Saint Charles City Republican intelligencer</subfield></datafield><datafield ind1=" " ind2=" " tag="260"><subfield code="a">St. Charles City [Charles City], Iowa :</subfield><subfield code="b">Hildreth &amp; Carver,</subfield><subfield code="c">1857-1861.</subfield></datafield><datafield ind1=" " ind2=" " tag="300"><subfield code="a">4 v.</subfield></datafield><datafield ind1=" " ind2=" " tag="310"><subfield code="a">Weekly</subfield></datafield><datafield ind1="0" ind2=" " tag="362"><subfield code="a">Vol. 2, no. 3 (Oct. 8, 1857)-v. 5, no. 38 (Sept. 19, 1861).</subfield></datafield><datafield ind1=" " ind2=" " tag="500"><subfield code="a">"Republican.</subfield></datafield><datafield ind1=" " ind2=" " tag="500"><subfield code="a">Publisher varies.</subfield></datafield><datafield ind1=" " ind2=" " tag="500"><subfield code="a">St. Charles City, Iowa through Sept. 5, 1851, later called Charles City, Iowa.</subfield></datafield><datafield ind1=" " ind2=" " tag="530"><subfield code="a">Also available on microfilm from the Library of Congress Photoduplication Service.</subfield></datafield><datafield ind1=" " ind2=" " tag="752"><subfield code="a">United States</subfield><subfield code="b">Iowa</subfield><subfield code="c">Floyd</subfield><subfield code="d">Charles City.</subfield></datafield><datafield ind1=" " ind2=" " tag="752"><subfield code="a">United States</subfield><subfield code="b">Iowa</subfield><subfield code="c">Floyd</subfield><subfield code="d">Saint Charles City.</subfield></datafield><datafield ind1="0" ind2="0" tag="780"><subfield code="t">St. Charles Republican intelligencer</subfield><subfield code="w">(DLC)sn 88059487</subfield></datafield><datafield ind1="0" ind2="0" tag="785"><subfield code="t">Charles City Republican intelligencer</subfield><subfield code="w">(DLC)sn 82014140</subfield></datafield></record>